@article{journal1,
    author = {Mavaji, V. and Eslami, M. and Vazirnezhad, B.},
    title = {Pars Morph: A Persian Morphological Analyzer},
    journal = {Journal of Signal and Data Processing},
    volume = {15},
    number = {1},
    year = {2012},
    issn = {2008-3262},
    pages = {3--8},
    url = {http://jsdp.rcisp.ac.ir/article-1-714-en.pdf}
}

@article{journal2,
    author = {Mavaji, V. and Eslami, M.},
    title = {Phonetic Structure of Formal and Colloquial Persian},
    journal = {Pazand Quarterly},
    volume = {30},
    year = {2012},
    issn = {1735-2290},
    pages = {107--118}
}

@conference{conf1,
    author = {Mavaji, V. and Eslami, M.},
    month = may # "~15-16",
    year = {2013},
    title = {Automatic Detection of Prosodic Meter of Classical Persian Poetry},
    booktitle = {The 2nd National Conference on Farsi Language Teaching and Linguistics},
    address = {Shiraz, Iran}
}

@conference{conf2,
    author = {Mavaji, V. and Eslami, M.},
    month = feb # "~12-13",
    year = {2013},
    title = {Statistical Analysis of the Evolution of Derivational Affixes in Persian Verse},
    booktitle = {The 8th Iranian Conference on Linguistics},
    address = {Allameh Tabatabaei University, Tehran, Iran}
}

@conference{conf3,
    author = {Mavaji, V. and Eslami, M.},
    month = sep # "~5-6",
    year = {2012},
    title = {Text to Phoneme Conversion using Morphological Analyzer},
    booktitle = {The 1st International Conference on Persian Language Processing},
    address = {Semnan, Iran}
}

@conference{conf4,
    author = {Mavaji, V. and Abbasi, B.},
    month = oct # "~9",
    year = {2013},
    title = {Effect of Buffer Size and Packet Delay on the Survivability of Packet Switched Networks},
    booktitle = {The 1st National Conference on New Approaches in Computer Engineering and Information Retrieval},
    address = {Roudsar, Iran}
}

@conference{conf5,
    author = {Abbasi, B. and Mavaji, V.},
    month = nov # "~4-6",
    year = {2011},
    title = {A Framework for Survivability Evaluation},
    booktitle = {The 3rd International Conference on Advanced Management Science},
    address = {Kuala Lumpur, Malaysia}
}

@mastersthesis{mastersthesis1,
    author = {Mavaji, V.},
    title = {Designing and Implementing a Morphological Analyzer for Persian Language},
    school = {Department of Languages and Linguistics, Sharif University of Technology},
    year = 2012
}

@mastersthesis{mastersthesis2,
    author = {Mavaji, V.},
    title = {Extending the Survivability Model for Packet Switched Networks Considering Packet Delay and Buffer Size},
    school = {Computer Engineering Department, Sharif University of Technology},
    year = 2006
}

@mastersthesis{bscthesis,
    type = {Bachelor's Thesis},
    author = {Mavaji, V.},
    title = {Designing and Implementing an 8051 Microcontroller Training Board},
    school = {Computer Engineering Department, Iran University of Science and Technology},
    institution = {Computer Engineering Department, Iran University of Science and Technology},
    year = 2004
}

@book{book1,
    author = "Khosravizadeh, P. and Sheikhzadeh, M. and Moradi, M. and Mavaji, V.",
    title = "An Encyclopedic Dictionary of Computational Linguistics",
    year = "2012",
    publisher = "Pardis-e-Danesh",
    address = "Tehran",
    ISBN = "978-600-5711-93-6"
}

@book{Booij2007,
    author = "Booij, Geert",
    title = "The Grammar of Words",
    year = "2007",
    publisher = "Oxford University Press",
    edition = "2nd"
}

@article{Eslami88,
    author = {اسلامی, محرم and علیزاده, صدیقه},
    title = {ساخت تصریفی کلمه در زبان فارسی},
    journal = {زبان و ادب فارسی},
    publisher = {دانشکده ادبیات و علوم انسانی دانشگاه تبریز},
    volume = {52},
    number = {211},
    year = {1388},
    issn = {1735-2290},
    pages = {107--118},
    LANGUAGE = {Persian}
}