@book{Booij2007,
    author = "Booij, Geert",
    title = "The Grammar of Words",
    year = "2007",
    publisher = "Oxford University Press",
    edition = "2nd"
}

@book{Taba76,
    author = {طباطبائی, علاءالدین},
    title = {فعل بسیط فارسی و واژه‌سازی},
    year = {1376},
    publisher = {مرکز نشر دانشگاهی},
    pages = {15},
    language = {persian}
}

@book{Taba82,
    author = {طباطبائی, علاءالدین},
    title = {اسم و صفت مرکب در زبان فارسی},
    year = {1382},
    publisher = {مرکز نشر دانشگاهی},
    pages = {6},
    language = {persian}
}

@book{Kashani71,
    author = {کشانی, خسرو},
    title = {اشتقاق پسوندی در زبان فارسی امروز},
    year = {1371},
    publisher = {مرکز نشر دانشگاهی},
    language = {persian}
}

@book{Kalbasi71,
    author = {کلباسی, ایران},
    title = {ساخت اشتقاقی واژه در فارسی امروز},
    year = {1371},
    publisher = {موسسه مطالعات و تحقیقات فرهنگی},
    language = {persian}
}

@book{Bauer1983,
    author = {Bauer, Laurie},
    title = {English Word-Formation},
    year = {1983},
    publisher = {Cambridge University Press}
}

@article{Eslami88,
    author = {اسلامی, محرم and علیزاده, صدیقه},
    title = {ساخت تصریفی کلمه در زبان فارسی},
    journal = {زبان و ادب فارسی},
    publisher = {دانشکده ادبیات و علوم انسانی دانشگاه تبریز},
    volume = {52},
    number = {211},
    year = {1388},
    language = {persian}
}

@techreport{Megerdoomian2000,
    author = {Megerdoomian, Karine.},
    title = {Persian Computational Morphology, A Unification-Based Approach (Memoranda in Computer and Cognitive Science)},
    number = {MCCS-00-321},
    institution = {Computing Research Laboratory, New Mexico State University},
    year = {2000}
}

@conference{Eslami83,
    author = {اسلامی, محرم and شریفی آتشگاه, مسعود and علیزاده لمجیری, صدیقه and زندی, طاهره},
    year = {1383},
    title = {واژگان زایای زبان فارسی},
    booktitle = {اولین کارگاه پژوهشی زبان فارسی و رایانه},
    address = {دانشگاه تهران},
    language = {persian}
}

@techreport{Shams88,
    author = {شمس‌فرد, مهرنوش},
    title = {STeP1: تهیه متن معیار برای زبان فارسی},
    institution = {آزمایشگاه پردازش زبان طبیعی، دانشگاه شهید بهشتی},
    year = {1388},
    language = {persian}
}