@article{eslami_81,
    title = {دشواری‌های پردازش رایانه‌ای خط فارسی},
    journal = { نشر دانش },
    number = { 105 },
    year = { 1381 },
    author = {اسلامی,‌محرم},
    pages = { 28 -- 32 },
    url = { https://www.noormags.ir/view/fa/articlepage/47746 },
    language = {persian},
}

@conference{eslami_83,
    author = {اسلامی, محرم and شریفی آتشگاه, مسعود and علیزاده لمجیری, صدیقه and زندی, طاهره},
    year = {1383},
    title = {واژگان زایای زبان فارسی},
    booktitle = {اولین کارگاه پژوهشی زبان فارسی و رایانه},
    address = {دانشگاه تهران},
    language = {persian}
}

@article{eslami_88,
    title = { ساختار تصریفی کلمه در زبان فارسی },
    journal = { زبان و ادب فارسی },
    number = { 211 },
    year = { 1388 },
    author = {اسلامی,‌محرم and علیزاده‌لمجیری,‌صدیقه},
    pages = { 1 -- 18 },
    url = { https://www.noormags.ir/view/fa/articlepage/648432 },
    publisher = {دانشکده ادبیات و علوم انسانی دانشگاه تبریز},
    language = {persian},
}

@book{samareh_78,
    author = {ثمره, یدالله},
    title = {آواشناسی زبان فارسی},
    edition = {دوم},
    year = {1378},
    publisher = {مرکز نشر دانشگاهی},
    language = {persian}
}

@book{soltani_90,
    author = {سلطانی طارمی, سعید},
    title = {عروض به زبان امروز},
    year = {1390},
    publisher = {نشر نی},
    language = {persian}
}

@conference{sayad_75,
    author = {صیادیان, ابوالقاسم and نصیرزاده, مجید},
    year = {1375},
    title = {تجربه‌ای در مدل‌سازی زبان فارسی برای یک سیستم تبدیل متن به گفتار},
    booktitle = {دومین کنفرانس سالانه انجمن کامپیوتر ایران},
    pages = {105 -- 111},
    language = {persian}
}

@article{mavaji_90,
    author = {مواجی, وحید and اسلامی, محرم and وزیرنژاد, بهرام},
    title = {پارس مورف: تحلیل‌گر صرفی زبان فارسی},
    volume = {8},
    number = {1},
    URL = {http://jsdp.rcisp.ac.ir/article-1-714-fa.html},
    eprint = {http://jsdp.rcisp.ac.ir/article-1-714-fa.pdf},
    journal = {دوفصل‌نامه علمی-پژوهشی پردازش علائم و داده‌ها},
    year = {1390}
}

@book{vahidian_65,
    author = {وحیدیان كامیار, تقی},
    title = {فنون و صنایع ادبی(عروض)},
    year = {1365},
    publisher = {نشر ایران},
    language = {persian}
}

@incollection{allen_1992,
    Address = {New York},
    Author = {Allen, Jonathan},
    Booktitle = {Advances in speech signal processing},
    Editor = {Furui, S and Sondhi, M},
    Keywords = {speech synthesis, speech technology, text-to-speech},
    Note = {bibtex: allen\_overview\_1992},
    Publisher = {M. Dekker},
    Title = {Overview of text-to-speech systems},
    Year = {1992}
}

@article{levenshtein_1966,
    author = {{ Levenshtein } , V.~I.},
    title = {Binary Codes Capable of Correcting Deletions, Insertions and Reversals},
    journal = {Soviet Physics Doklady},
    year = 1966,
    month = feb,
    volume = 10,
    pages = {707},
    adsurl = {http://adsabs.harvard.edu/abs/1966SPhD...10..707L},
    adsnote = {Provided by the SAO/NASA Astrophysics Data System}
}

@inproceedings{torkkola_1993,
    author = {Torkkola, Kari},
    year = {1993},
    month = {05},
    pages = {199 - 202 vol.2},
    title = {An Efficient Way To Learn English Grapheme-To-Phoneme Rules Automatically},
    isbn = {0-7803-0946-4},
    doi = {10.1109/ICASSP.1993.319268}
}