@article{anderson_1982,
    issn = {00243892, 15309150},
    url = {http://www.jstor.org/stable/4178297},
    author = {Stephen R. Anderson},
    journal = {Linguistic Inquiry},
    number = {4},
    pages = {571--612},
    publisher = {MIT Press},
    title = {Where's Morphology?},
    volume = {13},
    year = {1982}
}

@book{aronoff_1976,
    title = {Word Formation in Generative Grammar},
    author = {Aronoff, M.},
    isbn = {9780262510172},
    lccn = {76020583},
    series = {Linguistic inquiry monographs},
    url = {https://books.google.nl/books?id=syIXAQAAMAAJ},
    year = {1976},
    publisher = {MIT Press}
}

@book{baayen_1989,
    title = {A Corpus-based Approach to Morphological Productivity: Statistical Analysis and Psycholinguistic Interpretation},
    author = {Baayen, R.H.},
    url = {https://books.google.com/books?id=HlaxcQAACAAJ},
    year = {1989},
    publisher = {Centrum voor Wiskunde en Informatica}
}

@article{baayen_1991,
    title = {Productivity and English Derivation: a Corpus-Based Study},
    author = {Baayen, H and Lieber, R},
    journal = {Linguistics},
    volume = {29},
    number = {5},
    pages = {801--843},
    year = {1991},
    publisher = {de Gruyter}
}

@inbook{baayen_1992,
    author = {Baayen, Harald},
    editor = {Booij, Geert and van Marle, Jaap},
    title = {Quantitative aspects of morphological productivity},
    bookTitle = {Yearbook of Morphology 1991},
    year = {1992},
    publisher = {Springer Netherlands},
    address = {Dordrecht},
    pages = {109--149},
    isbn = {978-94-011-2516-1},
    doi = {10.1007/978-94-011-2516-1_8},
    url = {https://doi.org/10.1007/978-94-011-2516-1_8}
}

@inbook{baayen_1993,
    author = {Baayen, Harald},
    editor = {Booij, Geert and van Marle, Jaap},
    title = {On frequency, transparency and productivity},
    bookTitle = {Yearbook of Morphology 1992},
    year = {1993},
    publisher = {Springer Netherlands},
    address = {Dordrecht},
    pages = {181--208},
    isbn = {978-94-017-3710-4},
    doi = {10.1007/978-94-017-3710-4_7},
    url = {https://doi.org/10.1007/978-94-017-3710-4_7}
}

@book{bauer_2001,
    title = {Morphological Productivity},
    author = {Bauer, L.},
    isbn = {9781139428729},
    series = {Cambridge Studies in Linguistics},
    url = {https://books.google.com/books?id=xt15qmqx7UcC},
    year = {2001},
    publisher = {Cambridge University Press}
}

@book{booij_2007,
    title = {The Grammar of Words:An Introduction to Linguistic Morphology: An Introduction to Linguistic Morphology},
    author = {Booij, G.},
    isbn = {9780199226245},
    lccn = {2007007122},
    series = {Oxford Textbooks in Linguistics},
    url = {https://books.google.com/books?id=q0BE99imnwsC},
    year = {2007},
    publisher = {OUP Oxford}
}

@book{fleischer_1975,
    title = {Wortbildung der deutschen Gegenwartssprache},
    author = {Fleischer, W.},
    isbn = {9783484102439},
    lccn = {76468706},
    url = {https://books.google.com/books?id=Da1bAAAAMAAJ},
    year = {1975},
    publisher = {VEB Bibliographisches Institut}
}

@book{plag_2003,
    title = {Word-Formation in English},
    author = {Plag, I.},
    isbn = {9780521525633},
    lccn = {2003048479},
    series = {Cambridge Textbooks in Linguistics},
    url = {https://books.google.com/books?id=78KFCIHtJS4C},
    year = {2003},
    publisher = {Cambridge University Press}
}

@article{wolff_1980,
    title = {Studies in Javanese Morphology. By E. M. Uhlenbeck. The Hague: Martinus Nijhoff(Koninklijk Instituut voor Taal-, Land- en Volkenkunde Translation Series No. 19), 1978. vi, 361 pp. Bibliography. Dfl. 82.50.},
    volume = {39},
    DOI = {10.1017/S0021911800034434},
    number = {4},
    journal = {The Journal of Asian Studies},
    publisher = {Cambridge University Press},
    author = {Wolff, John U.},
    year = {1980},
    pages = {882–883} }

@book{taba_82,
    author = {طباطبائی, علاءالدین},
    title = {اسم و صفت مرکب در زبان فارسی},
    year = {1382},
    publisher = {مرکز نشر دانشگاهی},
    pages = {6},
    language = {persian}
}

@conference{eslami_83,
    author = {اسلامی, محرم and شریفی آتشگاه, مسعود and علیزاده لمجیری, صدیقه and زندی, طاهره},
    year = {1383},
    title = {واژگان زایای زبان فارسی},
    booktitle = {اولین کارگاه پژوهشی زبان فارسی و رایانه},
    address = {دانشگاه تهران},
    language = {persian}
}

@article{mavaji_90,
    author = {مواجی, وحید and اسلامی, محرم and وزیرنژاد, بهرام},
    title = {پارس مورف: تحلیل‌گر صرفی زبان فارسی},
    volume = {8},
    number = {1},
    URL = {http://jsdp.rcisp.ac.ir/article-1-714-fa.html},
    eprint = {http://jsdp.rcisp.ac.ir/article-1-714-fa.pdf},
    journal = {دوفصل‌نامه علمی-پژوهشی پردازش علائم و داده‌ها},
    year = {1390}
}