@incollection{allen_1992,
    Address = {New York},
    Author = {Allen, Jonathan},
    Booktitle = {Advances in speech signal processing},
    Editor = {Furui, S and Sondhi, M},
    Keywords = {speech synthesis, speech technology, text-to-speech},
    Note = {bibtex: allen\_overview\_1992},
    Publisher = {M. Dekker},
    Title = {Overview of text-to-speech systems},
    Year = {1992}
}

@inproceedings{torkkola_1993,
    author = {Torkkola, Kari},
    year = {1993},
    month = {05},
    pages = {199 - 202 vol.2},
    title = {An Efficient Way To Learn English Grapheme-To-Phoneme Rules Automatically},
    isbn = {0-7803-0946-4},
    doi = {10.1109/ICASSP.1993.319268}
}

@inproceedings{megerdoomian_2000,
    author = {Karine Megerdoomian},
    title = {Persian Computational Morphology: A unification-based approach},
    booktitle = {NMSU, CLR, Memoranda in Computer and Cognitive Science Report},
    year = {2000}
}

@article{eslami_81,
    title = {دشواری‌های پردازش رایانه‌ای خط فارسی},
    journal = { نشر دانش },
    number = { 105 },
    year = { 1381 },
    author = {اسلامی,‌محرم},
    pages = { 28 -- 32 },
    url = { https://www.noormags.ir/view/fa/articlepage/47746 },
    language = {persian},
}

@book{samareh_78,
    author = {ثمره, یدالله},
    title = {آواشناسی زبان فارسی},
    edition = {دوم},
    year = {1378},
    publisher = {مرکز نشر دانشگاهی},
    language = {persian}
}

@article{eslami_88,
    title = { ساختار تصریفی کلمه در زبان فارسی },
    journal = { زبان و ادب فارسی },
    number = { 211 },
    year = { 1388 },
    author = {اسلامی,‌محرم and علیزاده‌لمجیری,‌صدیقه},
    pages = { 1 -- 18 },
    url = { https://www.noormags.ir/view/fa/articlepage/648432 },
    publisher = {دانشکده ادبیات و علوم انسانی دانشگاه تبریز},
    language = {persian},
}

@conference{eslami_83a,
    author = {اسلامی, محرم and شریفی آتشگاه, مسعود and علیزاده لمجیری, صدیقه and زندی, طاهره},
    year = {1383},
    title = {واژگان زایای زبان فارسی},
    booktitle = {اولین کارگاه پژوهشی زبان فارسی و رایانه},
    address = {دانشگاه تهران},
    language = {persian}
}

@conference{eslami_83b,
    author = {اسلامی, محرم and شریفی آتشگاه, مسعود and احمدی‌نیا, زهرا and بهرامی راد, علی and زندی, طاهره},
    year = {1383},
    title = {تبدیل رایانه‌ای متن به گفتار فارسی (گویا)},
    booktitle = {اولین کارگاه پژوهشی زبان فارسی و رایانه},
    address = {دانشگاه تهران},
    language = {persian}
}

@conference{sayad_75,
    author = {صیادیان, ابوالقاسم and نصیرزاده, مجید},
    year = {1375},
    title = {تجربه‌ای در مدل‌سازی زبان فارسی برای یک سیستم تبدیل متن به گفتار},
    booktitle = {دومین کنفرانس سالانه انجمن کامپیوتر ایران},
    pages = {105 -- 111},
    language = {persian}
}

@techreport{shams_88,
    author = {شمس‌فرد, مهرنوش},
    title = {STeP1: تهیه متن معیار برای زبان فارسی},
    institution = {آزمایشگاه پردازش زبان طبیعی، دانشگاه شهید بهشتی},
    year = {1388},
    language = {persian}
}