@article{bijankhan_2003,
    author = {Mahmood Bijankhan and Javad Sheykhzadegan and Mahmood R. Roohani and Rahman Zarrintare and Seyyed Z. Ghasemi and Mohammad E. Ghasedi},
    year = {2003},
    month = {01},
    pages = {1525 -- 1528},
    title = {TFarsDat - The Telephone Farsi Speech Database},
    journal = {Proc. Eurospeech, Geneva, Switzerland}
}

@article{damerau_1964,
    author = {Damerau, Fred J.},
    title = {A Technique for Computer Detection and Correction of Spelling Errors},
    journal = {Commun. ACM},
    issue_date = {March 1964},
    volume = {7},
    number = {3},
    month = mar,
    year = {1964},
    issn = {0001-0782},
    pages = {171--176},
    numpages = {6},
    url = {http://doi.acm.org/10.1145/363958.363994},
    doi = {10.1145/363958.363994},
    acmid = {363994},
    publisher = {ACM},
    address = {New York, NY, USA},
}

@article{hamming_1950,
    author = {R. W. { Hamming }},
    journal = {The Bell System Technical Journal},
    title = {Error detecting and error correcting codes},
    year = {1950},
    volume = {29},
    number = {2},
    pages = {147-160},
    doi = {10.1002/j.1538-7305.1950.tb00463.x},
    ISSN = {0005-8580},
    month = {April}
}

@inproceedings{jin_2005,
    author = {Jin, Liang and Li, Chen},
    year = {2005},
    month = {01},
    pages = {397-408},
    title = {Selectivity Estimation for Fuzzy String Predicates in Large Data Sets.},
    volume = {1},
    journal = {VLDB 2005 - Proceedings of 31st International Conference on Very Large Data Bases}
}

@article{levenshtein_1966,
    author = {{ Levenshtein } , V.~I.},
    title = {Binary Codes Capable of Correcting Deletions, Insertions and Reversals},
    journal = {Soviet Physics Doklady},
    year = 1966,
    month = feb,
    volume = 10,
    pages = {707},
    adsurl = {http://adsabs.harvard.edu/abs/1966SPhD...10..707L},
    adsnote = {Provided by the SAO/NASA Astrophysics Data System}
}

@inproceedings{li_2008,
    author = {C. { Li } and J. { Lu } and Y. { Lu }},
    booktitle = {2008 IEEE 24th International Conference on Data Engineering},
    title = {Efficient Merging and Filtering Algorithms for Approximate String Searches},
    year = {2008},
    pages = {257-266},
    keywords = {information filtering;merging;string matching;merging-filtering algorithm;approximate string search;Merging;Filtering algorithms;Cleaning;Dictionaries;Computer science;Databases;Management information systems;Postal services},
    doi = {10.1109/ICDE.2008.4497434},
    ISSN = {1063-6382},
    month = {April} }

@article{navarro_2001,
    author = {Navarro, Gonzalo},
    title = {A Guided Tour to Approximate String Matching},
    journal = {ACM Comput. Surv.},
    issue_date = {March 2001},
    volume = {33},
    number = {1},
    month = mar,
    year = {2001},
    issn = {0360-0300},
    pages = {31--88},
    numpages = {58},
    url = {http://doi.acm.org/10.1145/375360.375365},
    doi = {10.1145/375360.375365},
    acmid = {375365},
    publisher = {ACM},
    address = {New York, NY, USA},
    keywords = {Levenshtein distance, edit distance, online string matching, text searching allowing errors},
}

@inproceedings{stoilos_2005,
    author = {Stoilos, Giorgos and Stamou, Giorgos and Kollias, Stefanos},
    editor = {Gil, Yolanda and Motta, Enrico and Benjamins, V. Richard and Musen, Mark A.},
    title = {A String Metric for Ontology Alignment},
    booktitle = {The Semantic Web -- ISWC 2005},
    year = {2005},
    publisher = {Springer Berlin Heidelberg},
    address = {Berlin, Heidelberg},
    pages = {624--637},
    isbn = {978-3-540-32082-1}
}
